@book{shavitt2009many,
	author = "Shavitt, I. and Bartlett, R. J.",
	publisher = "Cambridge University Press",
	series = "{Cambridge Molecular Science}",
	title = "{Many-Body Methods in Chemistry and Physics: MBPT and Coupled-Cluster Theory}",
	year = "2009"
}

@article{PhysRevD.48.5863,
	author = "G{\l}azek, Stanis{\l}aw D. and Wilson, Kenneth G.",
	journal = "Phys. Rev. D",
	pages = "5863",
	title = "{Renormalization of {H}amiltonians}",
	volume = "48",
	year = "1993"
}

@article{Wegner200177,
	title = "Flow equations for Hamiltonians ",
	journal = "Phys. Rep.",
	volume = "348",
	pages = "77 - 89",
	year = "2001",
	doi = "10.1016/S0370-1573(00)00136-8",
	url = "https://doi.org/10.1016/S0370-1573(00)00136-8",
	author = "Franz J. Wegner",
	keywords = "Renormalization",
	keywords = "Many-electron systems",
	keywords = "Superconductivity "
}

@article{PhysRevD.49.4214,
	author = "Glazek, Stanislaw D. and Wilson, Kenneth G.",
	journal = "Phys. Rev. D",
	pages = "4214",
	publisher = "American Physical Society",
	title = "{Perturbative renormalization group for Hamiltonians}",
	volume = "49",
	year = "1994"
}

@book{kehrein2006flow,
	author = "Kehrein, S.",
	publisher = "Springer",
	series = "{Springer Tracts in Modern Physics}",
	title = "{The Flow Equation Approach to Many-Particle Systems}",
	year = "2006"
}

@article{ScottSRG,
	author = "Anderson, E. R. and Bogner, S. K. and Furnstahl, R. J. and Perry, R. J.",
	journal = "Phys. Rev. C",
	pages = "054001",
        volume = "82",
	title = "{Operator Evolution via the Similarity Renormalization Group I: The Deuteron}",
	year = "2010"
}

@article{PhysRevC.75.061001,
	author = "Bogner, S. K. and Furnstahl, R. J. and Perry, R. J.",
	journal = "Phys. Rev. C",
	pages = "061001",
	publisher = "American Physical Society",
	title = "{Similarity renormalization group for nucleon-nucleon interactions}",
	volume = "75",
	year = "2007"
}

@article{SRGThreeDim,
	author = "{\AA}kerlund, O. and Lindgren, E.J. and Bergsten, J. and Grevholm, B. and Lerner, P. and Linscott, R. and Forssen, C. and Platter, L.",
	journal = "Eur. Phys. J. A",
	pages = "1",
	publisher = "Springer-Verlag",
	title = "{The similarity renormalization group for three-body interactions in one dimension}",
	volume = "47",
	year = "2011"
}

@article{White:cond-mat0201346,
	author = "White, S. R.",
	journal = "J. Chem. Phys.",
	title = "{A numerical canonical transformation approach to quantum many body problems}",
	volume = "117",
	year = "2002"
}

@article{IMSRG,
	author = "Hergert, H. and Bogner, S. K. and Binder, S. and Calci, S. and Langhammer, J. and Roth, R. and Schwenk, A.",
	journal = "Phys. Rev. C",
	title = "{In-Medium Similarity Renormalization Group with Chiral Two- Plus Three-Nucleon Interactions}",
	pages = "014003",
	volume = "78",
	year = "2012"
}

@article{PhysRevLett.106.222502,
	author = "Tsukiyama, K. and Bogner, S. K. and Schwenk, A.",
	journal = "Phys. Rev. Lett.",
	pages = "222502",
	title = "{In-Medium Similarity Renormalization Group For Nuclei}",
	volume = "106",
	year = "2011"
}

@misc{odesolver,
    author={Lawrence Shampine and Marilyn Gordon and John Burkardt},
    title={{ODE}: {Shampine} {and} {Gordon} {ODE} {Solver}},
    howpublished={\url{http://people.sc.fsu.edu/~jburkardt/c_src/ode/ode.html}},
    year={2012}
}

@book{shampine1975computer,
	author = "Shampine, L.F. and Gordon, M.K.",
	lccn = "lc74023246",
	publisher = "Freeman",
	title = "{Computer Solution of Ordinary Differential Equations: The Initial Value Problem}",
	year = "1975"
}

@article{Kvaal2007,
  author = {Kvaal, S. and Hjorth-Jensen, M. and M{\o}ll Nilsen, H.},
  title = {Effective interactions, large-scale diagonalization, and one-dimensional quantum dots},
  journal = {Phys. Rev. B},
  year = {2007},
  volume = {76},
  pages = {085421},
  doi = {10.1103/PhysRevB.76.085421}
}

@ARTICLE{2008arXiv0810.2644K,
   author = {{Kvaal}, S.},
    title = "{Open source FCI code for quantum dots and effective interactions}",
  journal = {ArXiv e-prints},
archivePrefix = "arXiv",
   eprint = {0810.2644},
 keywords = {Condensed Matter - Mesoscopic Systems and Quantum Hall Effect},
     year = 2008,
    month = oct,
   adsurl = {https://arxiv.org/abs/0810.2644},
  adsnote = {Provided by the SAO/NASA Astrophysics Data System}
}

@article{PhysRevB.84.115302,
	author = "{Pedersen Lohne}, M. and Hagen, G. and Hjorth-Jensen, M. and Kvaal, S. and Pederiva, F.",
	journal = "Phys. Rev. B",
	pages = "115302",
	title = "{\textit{Ab initio} computation of the energies of circular quantum dots}",
	volume = "84",
	year = "2011"
}

@mastersthesis{lohne2010coupled,
  title={Coupled-cluster studies of quantum dots},
  author={Lohne, Magnus Pedersen},
  year={2010},
  school={University of Oslo},
  url={https://www.duo.uio.no/handle/10852/10966}
}

@article{PhysRevA.48.3561,
	author = "Taut, M.",
	doi = "10.1103/PhysRevA.48.3561",
	journal = "Phys. Rev. A",
	pages = "3561",
	title = "{Two electrons in an external oscillator potential: Particular analytic solutions of a Coulomb correlation problem}",
	volume = "48",
	year = "1993"
}

@article{10.1088/0305-4470/27/3/040,
  author={M Taut},
  doi={10.1088/0305-4470/27/3/040},
  title={Two electrons in a homogeneous magnetic field: particular analytical solutions},
  journal={Journal of Physics A: Mathematical and General},
  volume={27},
  number={3},
  pages={1045},
  url={https://doi.org/10.1088/0305-4470/27/3/040},
  year={1994},
  abstract={Particular analytical solutions of the two-dimensional Schrodinger equation are described for two electrons (interacting with Coulomb potentials) in a homogeneous magnetic field B and an external oscillator potential with frequency omega 0 . These exact solutions occur at an infinite and countable set of values of the quantity omega = square root ( omega 0 2 + 1/4 (B/c) 2 ). Additionally, approximate closed-form solutions for the limits of small omega (perturbation theory in the electron-electron interaction) and large omega (harmonic approximation) are discussed and compared with the exact solutions.}
}

@article{reimann2002,
	author = "Reimann, S. M. and Manninen, M.",
	journal = "Rev. Mod. Phys.",
	pages = 1238,
	title = "{Electronic structure of quantum dots}",
	volume = 74,
	year = 2002
}

@mastersthesis{reimann2013quantum,
  title={Quantum-mechanical systems in traps and Similarity Renormalization Group theory},
  author={Reimann, Sarah},
  year={2013},
  school={University of Oslo},
  url={https://www.duo.uio.no/handle/10852/37161}
}

@article{PhysRevB.80.045321,
	author = "Kvaal, Simen",
	doi = "10.1103/PhysRevB.80.045321",
	journal = "Phys. Rev. B",
	pages = "045321",
	title = "{Harmonic oscillator eigenfunction expansions, quantum dots, and effective interactions}",
	volume = "80",
	year = "2009"
}

@article{rontani:124102,
	author = "Rontani, Massimo and Cavazzoni, Carlo and Bellucci, Devis and Goldoni, Guido",
	collaboration = "",
	doi = "10.1063/1.2179418",
	journal = "J. Chem. Phys.",
	keywords = "semiconductor quantum dots; configuration interactions; strongly correlated electron systems; effective mass; wave functions; excited states",
	pages = "124102",
	title = "{Full configuration interaction approach to the few-electron problem in artificial atoms}",
	volume = "124",
	year = "2006"
}

@article{ISI:A1981MN73700014,
	author = "Bartlett, R. J.",
	doi = "10.1146/annurev.pc.32.100181.002043",
	journal = "Annu. Rev. Phys. Chem.",
	pages = "359",
	title = "{Many-body perturbation-theory and Coupled Cluster Theory for electron correlation in molecules}",
	volume = "32",
	year = "1981"
}

@article{PhysRevLett.109.052501,
	author = "Roth, Robert and Binder, Sven and Vobig, Klaus and Calci, Angelo and Langhammer, Joachim and Navr{\'a}til, Petr",
	journal = "Phys. Rev. Lett.",
	pages = "052501",
	publisher = "American Physical Society",
	title = "{Medium-Mass Nuclei with Normal-Ordered Chiral $NN\mathbf{+}3N$ Interactions}",
	volume = "109",
	year = "2012"
}

@article{engel1993,
	author = "Engel, Hans-Andreas and Golovach, Vitaly N. and Loss, Daniel and Vandersypen, L. M. K. and Elzerman, J. M. and Hanson, R. and Kouwenhoven, L. P.",
	doi = "10.1103/PhysRevLett.93.106804",
	journal = "Phys. Rev. Lett.",
	pages = "106804",
	title = "{Measurement Efficiency and $n$-Shot Readout of Spin Qubits}",
	volume = "93",
	year = "2004"
}

@article{tarucha1996,
	author = "Tarucha, S. and Austing, D. G. and Honda, T. and van der Hage, R. J. and Kouwenhoven, L. P.",
	doi = "10.1103/PhysRevLett.77.3613",
	journal = "Phys. Rev. Lett.",
	pages = "3613",
	title = "{Shell Filling and Spin Effects in a Few Electron Quantum Dot}",
	volume = "77",
	year = "1996"
}

@article{jenks:013111,
	author = "Jenks, Steven and Gilmore, Robert",
	journal = "Journal of Renewable and Sustainable Energy",
	pages = "013111",
	title = "{Quantum dot solar cell: Materials that produce two intermediate bands}",
	volume = "2",
	year = "2010"
}

@article{strauf2010,
	author = "Strauf, S. and Hennessy, K. and Rakher, M.T. and Choi, Y.-S. and Badolato, A. and Andreani, L. C. and Hu, E. L. and Petroff, P.M. and Bouwmeester, D.",
	doi = "10.1103/physrevlett.96.127404",
	journal = "Phys. Rev. Lett.",
	pages = "127404",
	title = "{Self-tuned quantum dot gain in photonic crystal lasers}",
	volume = "96",
	year = "2010"
}

@article{PhysRevA.57.120,
	author = "Loss, Daniel and DiVincenzo, David P.",
	doi = "10.1103/PhysRevA.57.120",
	journal = "Phys. Rev. A",
	pages = "120",
	title = "{Quantum computation with quantum dots}",
	volume = "57",
	year = "1998"
}

@article{Ben-Ari02042003,
	author = "Ben-Ari, Elia T.",
	doi = "10.1093/jnci",
	journal = "Journal of the National Cancer Institute",
	pages = "502",
	title = "{Nanoscale Quantum Dots Hold Promise for Cancer Applications}",
	volume = "95",
	year = "2003"
}

@article{PhysRevB.68.035304,
	author = "{G{\"u}\ifmmode \mbox\c{c}\else \c{c}\fi{}l{\"u}}, A. D. and Wang, Jian-Sheng and Guo, Hong",
	doi = "10.1103/PhysRevB.68.035304",
	journal = "Phys. Rev. B",
	pages = "035304",
	publisher = "American Physical Society",
	title = "{Disordered quantum dots:\quad{}A diffusion quantum Monte Carlo study}",
	volume = "68",
	year = "2003"
}

@article{PhysRevB.54.4780,
	author = "Bolton, F.",
	doi = "10.1103/PhysRevB.54.4780",
	journal = "Phys. Rev. B",
	pages = "4780",
	title = "{Fixed-phase quantum Monte Carlo method applied to interacting electrons in a quantum dot}",
	volume = "54",
	year = "1996"
}

@article{PhysRevB.62.8120,
	author = "Pederiva, Francesco and Umrigar, C. J. and Lipparini, E.",
	journal = "Phys. Rev. B",
	pages = "8120",
	title = "{Diffusion Monte Carlo study of circular quantum dots}",
	volume = "62",
	year = "2000"
}

@article{PhysRevB.56.6428,
	author = "Ezaki, T. and Mori, N. and Hamaguchi, C.",
	doi = "10.1103/PhysRevB.56.6428",
	journal = "Phys. Rev. B",
	pages = "6428",
	title = "{Electronic structures in circular, elliptic, and triangular quantum dots}",
	volume = "56",
	year = "1997"
}

@article{PhysRevB.67.045320,
	author = "Henderson, Thomas M. and Runge, Keith and Bartlett, Rodney J.",
	doi = "10.1103/PhysRevB.67.045320",
	journal = "Phys. Rev. B",
	pages = "045320",
	publisher = "American Physical Society",
	title = "{Excited states in artificial atoms via equation-of-motion coupled cluster theory}",
	volume = "67",
	year = "2003"
}

@article{heidari:114708,
	author = "Heidari, Ideh and Pal, Sourav and Pujari, B. S. and Kanhere, D. G.",
	collaboration = "",
	doi = "10.1063/1.2768523",
	journal = "J. Chem. Phys.",
	pages = "114708",
	title = "{Electronic structure of spherical quantum dots using coupled cluster method}",
	volume = "127",
	year = "2007"
}

@article{doi:10.1021/cr900289f,
	author = "Nozik, A. J. and Beard, M. C. and Luther, J. M. and Law, M. and Ellingson, R. J. and Johnson, J. C.",
	doi = "10.1021/cr900289f",
	journal = "Chem. Rev.",
	pages = "6873",
	title = "{Semiconductor Quantum Dots and Quantum Dot Arrays and Applications of Multiple Exciton Generation to Third-Generation Photovoltaic Solar Cells}",
	volume = "110",
	year = "2010"
}

@article{5075760,
	author = "Mi, Z. and Yang, Jun and Bhattacharya, Pallab and Qin, Guoxuan and Ma, Zhenqiang",
	doi = "10.1109/JPROC.2009.2014780",
	journal = "Proceedings of the IEEE",
	pages = "1239",
	title = "{High-Performance Quantum Dot Lasers and Integrated Optoelectronics on Si}",
	volume = "97",
	year = "2009"
}

@article{JJAP.36.3924,
	author = "Eto, Mikio",
	title = "{Electronic Structures of Few Electrons in a Quantum Dot under Magnetic Fields}",
	journal = "Japanese Journal of Applied Physics",
	volume = "36",
	number = "6S",
	pages = "3924",
	year = "1997"
}

@article{HUGENHOLTZ1957481,
title = "Perturbation theory of large quantum systems",
journal = "Physica",
volume = "23",
number = "1",
pages = "481 - 532",
year = "1957",
note = "",
issn = "0031-8914",
doi = "10.1016/S0031-8914(57)92950-6",
url = "https://doi.org/10.1016/S0031-8914(57)92950-6",
author = "N.M. Hugenholtz",
}

@article{Hergert2016165,
title = "The In-Medium Similarity Renormalization Group: A novel ab initio method for nuclei ",
journal = "Phys. Rep. ",
volume = "621",
pages = "165",
year = "2016",
doi = "10.1016/j.physrep.2015.12.007",
url = "https://doi.org/10.1016/j.physrep.2015.12.007",
author = "H. Hergert and S.K. Bogner and T.D. Morris and A. Schwenk and K. Tsukiyama"
}

@article{PhysRevC.92.034331,
  title = {Magnus expansion and in-medium similarity renormalization group},
  author = {Morris, T. D. and Parzuchowski, N. M. and Bogner, S. K.},
  journal = {Phys. Rev. C},
  volume = {92},
  issue = {3},
  pages = {034331},
  numpages = {12},
  year = {2015},
  month = {Sep},
  publisher = {American Physical Society},
  doi = {10.1103/PhysRevC.92.034331},
  url = {https://doi.org/10.1103/PhysRevC.92.034331}
}

@article{0953-8984-10-3-013,
  author={E Anisimovas and A Matulis},
  title={Energy spectra of few-electron quantum dots},
  journal={Journal of Physics: Condensed Matter},
  volume={10},
  number={3},
  pages={601},
  doi={10.1088/0953-8984/10/3/013},
  url={https://doi.org/10.1088/0953-8984/10/3/013},
  year={1998},
  abstract={We present the renormalized perturbation series for the energy spectra of parabolic quantum dots with two to five electrons, taking into consideration the ground and the lowest excited states. A complete classification of asymptotic energy levels is performed and the behaviour of energy levels from the quantum to the semiclassical regime is traced. Comparison between the present results and those from exact numerical Hamiltonian diagonalization indicates a fair accuracy of the proposed method over the whole range of the electron-electron coupling constant and magnetic field values. The results obtained indicate that increasing the number of electrons in a dot leads to more classical behaviour of the system.}
}

@mastersthesis{hoegberget2013thesis,
  title={Quantum {Monte}-{Carlo} {Studies} of {Generalized} {Many}-body {Systems}},
  author={H{\o}gberget, J{\o}rgen},
  year={2013},
  school={University of Oslo},
  url={https://www.duo.uio.no/handle/10852/37167}
}

@misc{NIST:DLMF,
         key = "{\relax DLMF}",
       title = "{\it NIST Digital Library of Mathematical Functions}",
howpublished = "http://dlmf.nist.gov/, Release 1.0.14 of 2016-12-21",
         url = "http://dlmf.nist.gov/",
        note = "F.~W.~J. Olver, A.~B. {Olde Daalhuis}, D.~W. Lozier, B.~I. Schneider,
                R.~F. Boisvert, C.~W. Clark, B.~R. Miller and B.~V. Saunders, eds.",
        year = 2016 }

@article{PhysRev.80.268,
  title = {The Evaluation of the Collision Matrix},
  author = {Wick, G. C.},
  journal = {Phys. Rev.},
  volume = {80},
  issue = {2},
  pages = {268--272},
  numpages = {0},
  year = {1950},
  month = {Oct},
  publisher = {American Physical Society},
  doi = {10.1103/PhysRev.80.268},
  url = {https://doi.org/10.1103/PhysRev.80.268}
}

@article{PhysRevC.95.044304,
  title = {Ab initio excited states from the in-medium similarity renormalization group},
  author = {Parzuchowski, N. M. and Morris, T. D. and Bogner, S. K.},
  journal = {Phys. Rev. C},
  volume = {95},
  issue = {4},
  pages = {044304},
  numpages = {15},
  year = {2017},
  month = {Apr},
  publisher = {American Physical Society},
  archiveprefix = "arXiv",
  eprint = {1611.00661},
  doi = {10.1103/PhysRevC.95.044304},
  url = {https://doi.org/10.1103/PhysRevC.95.044304}
}

@mastersthesis{olsen2013thesis,
  title={Full {Configuration} {Interaction} {Simulation} of {Quantum} {Dots}},
  author={Olsen, Veronica K. Berglyd},
  year={2013},
  school={University of Oslo},
  url={https://www.duo.uio.no/handle/10852/34217}
}

@article{PhysRevLett.110.242501,
  archiveprefix = "arXiv",
  title = {Ab Initio},
  author = {Hergert, H. and Binder, S. and Calci, A. and Langhammer, J. and Roth, R.},
  journal = {Phys. Rev. Lett.},
  volume = {110},
  issue = {24},
  pages = {242501},
  numpages = {6},
  year = {2013},
  month = {Jun},
  publisher = {American Physical Society},
  doi = {10.1103/PhysRevLett.110.242501},
  url = {https://doi.org/10.1103/PhysRevLett.110.242501},
  eprint = {1302.7294}
}

@article{PhysRevC.90.041302,
  archiveprefix = "arXiv",
  title = {Ab initio multireference in-medium similarity renormalization group calculations of even calcium and nickel isotopes},
  author = {Hergert, H. and Bogner, S. K. and Morris, T. D. and Binder, S. and Calci, A. and Langhammer, J. and Roth, R.},
  journal = {Phys. Rev. C},
  volume = {90},
  issue = {4},
  pages = {041302},
  numpages = {6},
  year = {2014},
  month = {Oct},
  publisher = {American Physical Society},
  doi = {10.1103/PhysRevC.90.041302},
  url = {https://doi.org/10.1103/PhysRevC.90.041302},
  eprint = {1408.6555}
}

@article{doi:10.1063/1.474405,
author = {Werner Kutzelnigg and Debashis Mukherjee},
title = {Normal order and extended Wick theorem for a multiconfiguration reference wave function},
journal = {J. Chem. Phys.},
volume = {107},
number = {2},
pages = {432-449},
year = {1997},
doi = {10.1063/1.474405},
URL = {https://doi.org/10.1063/1.474405}
}

@article{RevModPhys.79.291,
title = {Coupled-cluster theory in quantum chemistry},
author = {Bartlett, Rodney J. and Musia\l{}, Monika},
journal = {Rev. Mod. Phys.},
volume = {79},
issue = {1},
pages = {291--352},
numpages = {0},
year = {2007},
month = {Feb},
publisher = {American Physical Society},
doi = {10.1103/RevModPhys.79.291},
url = {https://doi.org/10.1103/RevModPhys.79.291}
}

@article{2014RPPh...77i6302H,
author = {{Hagen}, G. and {Papenbrock}, T. and {Hjorth-Jensen}, M. and {Dean}, D.~J.},
title = {Coupled-cluster computations of atomic nuclei},
journal = {Rep. Prog. in Phys.},
archivePrefix = "arXiv",
eprint = {1312.7872},
primaryClass = "nucl-th",
year = {2014},
month = {Sep},
volume = {77},
number = {9},
eid = {096302},
pages = {096302},
doi = {10.1088/0034-4885/77/9/096302},
adsurl = {http://adsabs.harvard.edu/abs/2014RPPh...77i6302H},
adsnote = {Provided by the SAO/NASA Astrophysics Data System}
}

@book{lnp936,
author="Hjorth-Jensen, Morten and Lombardo, Maria Paola and van Kolck, Ubirajara",
editor="Hjorth-Jensen, Morten and Lombardo, Maria Paola and van Kolck, Ubirajara",
title="An Advanced Course in Computational Nuclear Physics: Bridging the Scales from Quarks to Neutron Stars",
series={Lecture Notes in Physics},
year="2017",
publisher="Springer International Publishing",
address="Cham",
isbn="978-3-319-53336-0",
doi="10.1007/978-3-319-53336-0_1",
url="https://doi.org/10.1007/978-3-319-53336-0_1"
}

@article{10.2307/43633451,
 ISSN = {0033569X, 15524485},
 URL = {https://www.jstor.org/stable/43633451},
 author = {Kenneth Levenberg},
 journal = {Q. Appl. Math.},
 number = {2},
 pages = {164-168},
 publisher = {Brown University},
 title = {A Method for the Solution of Certain Non-Linear Problems in Least Squares},
 volume = {2},
 year = {1944}
}

@article{doi:10.1137/0111030,
author = {Donald W. Marquardt},
title = {An Algorithm for Least-Squares Estimation of Nonlinear Parameters},
journal = {J. Soc. Ind. Appl. Math.},
volume = {11},
number = {2},
pages = {431-441},
year = {1963},
doi = {10.1137/0111030},
URL = {https://doi.org/10.1137/0111030}
}

@Inbook{More1978,
author="Mor{\'e}, Jorge J.",
editor="Watson, G. A.",
title="The Levenberg-Marquardt algorithm: Implementation and theory",
bookTitle="Numerical Analysis: Proceedings of the Biennial Conference Held at Dundee, June 28--July 1, 1977",
year="1978",
publisher="Springer Berlin Heidelberg",
address="Berlin, Heidelberg",
pages="105--116",
isbn="978-3-540-35972-2",
doi="10.1007/BFb0067700",
url="https://doi.org/10.1007/BFb0067700"
}

@techreport{More:126569,
      author        = "Mor{\'e}, J J and Garbow, B S and Hillstrom, K E",
      title         = "{User guide for MINPACK-1}",
      institution   = "Argonne Nat. Lab.",
      address       = "Argonne, IL",
      number        = "ANL-80-74",
      month         = "Aug",
      year          = "1980",
      url           = "https://www.mcs.anl.gov/~more/ANL8074b.pdf",
}

@article{PhysRevC.85.061304,
  title = {In-medium similarity renormalization group for open-shell nuclei},
  author = {Tsukiyama, K. and Bogner, S. K. and Schwenk, A.},
  journal = {Phys. Rev. C},
  volume = {85},
  pages = {061304},
  year = {2012},
  publisher = {American Physical Society},
  doi = {10.1103/PhysRevC.85.061304},
  url = {https://doi.org/10.1103/PhysRevC.85.061304}
}

@article{PhysRevC.84.044306,
  title = {Testing the density matrix expansion against ab initio calculations of trapped neutron drops},
  author = {Bogner, S. K. and Furnstahl, R. J. and Hergert, H. and Kortelainen, M. and Maris, P. and Stoitsov, M. and Vary, J. P.},
  journal = {Phys. Rev. C},
  volume = {84},
  pages = {044306},
  year = {2011},
  publisher = {American Physical Society},
  doi = {10.1103/PhysRevC.84.044306},
  url = {https://doi.org/10.1103/PhysRevC.84.044306}
}

@article{PULAY1980393,
title = "Convergence acceleration of iterative sequences. the case of scf iteration",
journal = "Chem. Phys. Lett.",
volume = "73",
number = "2",
pages = "393 - 398",
year = "1980",
note = "",
issn = "0009-2614",
doi = "10.1016/0009-2614(80)80396-4",
url = "https://doi.org/10.1016/0009-2614(80)80396-4",
author = "P{\'e}ter Pulay",
}

@article {JCC:JCC540030413,
author = {Pulay, P.},
title = {Improved SCF convergence acceleration},
journal = {J. Comput. Chem.},
volume = {3},
number = {4},
publisher = {John Wiley & Sons, Inc.},
issn = {1096-987X},
url = {https://doi.org/10.1002/jcc.540030413},
doi = {10.1002/jcc.540030413},
pages = {556--560},
year = {1982},
}

@article{broyden1965class,
  title={A class of methods for solving nonlinear simultaneous equations},
  author={Broyden, Charles G},
  journal={Math. Comput.},
  volume={19},
  number={92},
  pages={577--593},
  year={1965},
  publisher={JSTOR},
  doi={10.1090/S0025-5718-1965-0198670-6}
}

@article{Fock1930,
author="Fock, V.",
title="N{\"a}herungsmethode zur L{\"o}sung des quantenmechanischen Mehrk{\"o}rperproblems",
journal="Z. Phys.",
year="1930",
month="Jan",
day="01",
volume="61",
number="1",
pages="126--148",
issn="0044-3328",
doi="10.1007/BF01340294",
url="https://doi.org/10.1007/BF01340294"
}

@article{hartree_1928, title={The Wave Mechanics of an Atom with a Non-Coulomb Central Field. Part I. Theory and Methods}, volume={24}, doi={10.1017/S0305004100011919}, number={1}, journal={Math. Proc. Cambridge}, publisher={Cambridge University Press}, author={Hartree, D. R.}, year={1928}, pages={89--110}}

@article{1934PhRv...46..618M,
   author = {{M{\o}ller}, C. and {Plesset}, M.~S.},
    title = "{Note on an Approximation Treatment for Many-Electron Systems}",
  journal = {Phys. Rev.},
     year = 1934,
    month = oct,
   volume = 46,
    pages = {618-622},
      doi = {10.1103/PhysRev.46.618},
   adsurl = {http://adsabs.harvard.edu/abs/1934PhRv...46..618M},
  adsnote = {Provided by the SAO/NASA Astrophysics Data System}
}

@article{0022-3700-7-18-010,
  author={I Lindgren},
  title={The Rayleigh-Schrodinger perturbation and the linked-diagram theorem for a multi-configurational model space},
  journal={J. Phys. Pt. B Atom. M. P.},
  volume={7},
  number={18},
  pages={2441},
  doi={10.1088/0022-3700/7/18/010},
  url={https://doi.org/10.1088/0022-3700/7/18/010},
  year={1974}
}

@article{Kvasnicka1974,
author="Kvasni{\v{c}}ka, V.",
title="Construction of model hamiltonians in framework of Rayleigh-Schr{\"o}dinger perturbation theory",
journal="Czech. J. Phys. Sect. B",
year="1974",
month="Jun",
day="01",
volume="24",
number="6",
pages="605--615",
issn="1572-9486",
doi="10.1007/BF01587295",
url="https://doi.org/10.1007/BF01587295"
}

@article{RevModPhys.40.153,
  title = {Equations-of-Motion Method and the Extended Shell Model},
  author = {Rowe, D. J.},
  journal = {Rev. Mod. Phys.},
  volume = {40},
  issue = {1},
  pages = {153--166},
  numpages = {0},
  year = {1968},
  month = {Jan},
  publisher = {American Physical Society},
  doi = {10.1103/RevModPhys.40.153},
  url = {https://doi.org/10.1103/RevModPhys.40.153}
}

@article{BIRMAN20131,
title = "Effects of symmetry breaking in finite quantum systems",
journal = "Phys. Rep.",
volume = "526",
number = "1",
pages = "1 - 91",
year = "2013",
note = "Effects of symmetry breaking in finite quantum systems",
issn = "0370-1573",
doi = "https://doi.org/10.1016/j.physrep.2012.11.005",
author = "J.L. Birman and R.G. Nazmitdinov and V.I. Yukalov",
keywords = "Symmetry breaking",
keywords = "Finite quantum systems",
keywords = "Trapped atoms",
keywords = "Quantum dots",
keywords = "Atomic nuclei",
keywords = "Metallic grains"
}

@mastersthesis{morris2016thesis,
  title={Systematic improvements of \textit{ab-initio} in-medium similarity
renormalization group calculations},
  author={Titus Dan Morris},
  year={2016},
  school={Michigan State University},
  url={https://publications.nscl.msu.edu/thesis/Morris_2016_387.pdf}
}
